@Unpublished{bit_hacks,
    author = {Sean Eron Anderson},
    title = {Bit Twiddling Hacks},
    intitution = {Stanford University},
    note = {Available at: \url{https://graphics.stanford.edu/~seander/bithacks.html#DetermineIfPowerOf2}},
    url = {https://graphics.stanford.edu/~seander/bithacks.html#DetermineIfPowerOf2},
    year = {2005}
}